@misc{M:Chemie,
    author = {{chemnitzer schulmodell}},
    title = {{Dichte fester Stoffe}},
    year = {2013},
    howpublished = {{Abrufbar unter http://schulmodell.eu/index.php/physik/503-dichte-fester-stoffe.html}},
    note = {25. \APACmonth{11} 2014}
}